%YAML 1.1
%TAG !u! tag:unity3d.com,2011:
--- !u!1 &865952930736378150
GameObject:
  m_ObjectHideFlags: 0
  m_CorrespondingSourceObject: {fileID: 0}
  m_PrefabInstance: {fileID: 0}
  m_PrefabAsset: {fileID: 0}
  serializedVersion: 6
  m_Component:
  - component: {fileID: 6871463684274649543}
  - component: {fileID: 5768727340051888045}
  - component: {fileID: 401049246183987296}
  m_Layer: 0
  m_Name: convergence_double_straight_right_mesh
  m_TagString: Untagged
  m_Icon: {fileID: 0}
  m_NavMeshLayer: 0
  m_StaticEditorFlags: 0
  m_IsActive: 1
--- !u!4 &6871463684274649543
Transform:
  m_ObjectHideFlags: 0
  m_CorrespondingSourceObject: {fileID: 0}
  m_PrefabInstance: {fileID: 0}
  m_PrefabAsset: {fileID: 0}
  m_GameObject: {fileID: 865952930736378150}
  m_LocalRotation: {x: 0, y: 0, z: 0, w: 1}
  m_LocalPosition: {x: 0, y: 0, z: 0}
  m_LocalScale: {x: 1, y: 1, z: 1}
  m_ConstrainProportionsScale: 0
  m_Children: []
  m_Father: {fileID: 1702956268765013455}
  m_RootOrder: -1
  m_LocalEulerAnglesHint: {x: 0, y: 0, z: 0}
--- !u!33 &5768727340051888045
MeshFilter:
  m_ObjectHideFlags: 0
  m_CorrespondingSourceObject: {fileID: 0}
  m_PrefabInstance: {fileID: 0}
  m_PrefabAsset: {fileID: 0}
  m_GameObject: {fileID: 865952930736378150}
  m_Mesh: {fileID: 1760695215581734197, guid: 7744e2ba0a7b58241b6f2d93eb771c22, type: 3}
--- !u!23 &401049246183987296
MeshRenderer:
  m_ObjectHideFlags: 0
  m_CorrespondingSourceObject: {fileID: 0}
  m_PrefabInstance: {fileID: 0}
  m_PrefabAsset: {fileID: 0}
  m_GameObject: {fileID: 865952930736378150}
  m_Enabled: 1
  m_CastShadows: 1
  m_ReceiveShadows: 1
  m_DynamicOccludee: 1
  m_StaticShadowCaster: 0
  m_MotionVectors: 1
  m_LightProbeUsage: 1
  m_ReflectionProbeUsage: 1
  m_RayTracingMode: 2
  m_RayTraceProcedural: 0
  m_RenderingLayerMask: 1
  m_RendererPriority: 0
  m_Materials:
  - {fileID: 2100000, guid: e1fa029375b752d4fb09ce8b1f74d25d, type: 2}
  m_StaticBatchInfo:
    firstSubMesh: 0
    subMeshCount: 0
  m_StaticBatchRoot: {fileID: 0}
  m_ProbeAnchor: {fileID: 0}
  m_LightProbeVolumeOverride: {fileID: 0}
  m_ScaleInLightmap: 1
  m_ReceiveGI: 1
  m_PreserveUVs: 0
  m_IgnoreNormalsForChartDetection: 0
  m_ImportantGI: 0
  m_StitchLightmapSeams: 1
  m_SelectedEditorRenderState: 3
  m_MinimumChartSize: 4
  m_AutoUVMaxDistance: 0.5
  m_AutoUVMaxAngle: 89
  m_LightmapParameters: {fileID: 0}
  m_SortingLayerID: 0
  m_SortingLayer: 0
  m_SortingOrder: 0
  m_AdditionalVertexStreams: {fileID: 0}
--- !u!1 &2448063106393675740
GameObject:
  m_ObjectHideFlags: 0
  m_CorrespondingSourceObject: {fileID: 0}
  m_PrefabInstance: {fileID: 0}
  m_PrefabAsset: {fileID: 0}
  serializedVersion: 6
  m_Component:
  - component: {fileID: 1702956268765013455}
  - component: {fileID: 6740123519344681622}
  m_Layer: 0
  m_Name: convergence_double_straight_left
  m_TagString: Untagged
  m_Icon: {fileID: 0}
  m_NavMeshLayer: 0
  m_StaticEditorFlags: 2147483647
  m_IsActive: 1
--- !u!4 &1702956268765013455
Transform:
  m_ObjectHideFlags: 0
  m_CorrespondingSourceObject: {fileID: 0}
  m_PrefabInstance: {fileID: 0}
  m_PrefabAsset: {fileID: 0}
  m_GameObject: {fileID: 2448063106393675740}
  m_LocalRotation: {x: 0, y: 0, z: 0, w: 1}
  m_LocalPosition: {x: 0, y: 0, z: 0}
  m_LocalScale: {x: 1, y: 1, z: 1}
  m_ConstrainProportionsScale: 0
  m_Children:
  - {fileID: 6871463684274649543}
  m_Father: {fileID: 0}
  m_RootOrder: 0
  m_LocalEulerAnglesHint: {x: 0, y: 0, z: 0}
--- !u!114 &6740123519344681622
MonoBehaviour:
  m_ObjectHideFlags: 0
  m_CorrespondingSourceObject: {fileID: 0}
  m_PrefabInstance: {fileID: 0}
  m_PrefabAsset: {fileID: 0}
  m_GameObject: {fileID: 2448063106393675740}
  m_Enabled: 1
  m_EditorHideFlags: 0
  m_Script: {fileID: 11500000, guid: 13b14c274a129944897c262f4329fb78, type: 3}
  m_Name: 
  m_EditorClassIdentifier: 
  needStuff: 0
  flippedStuff: 0
  primary:
    points:
    - position: {x: 0.0000029754638, y: -6.4041e-17, z: 0}
      rotation: {x: -0, y: -0, z: -0, w: 1}
      offset: 0
    - position: {x: 0.0000029754638, y: -6.4041e-17, z: 6}
      rotation: {x: -0, y: -0, z: -0, w: 1}
      offset: 6
    length: 6
    flipType: 0
    mainTransform: {fileID: 1702956268765013455}
    flipTransform: {fileID: 1702956268765013455}
    hornDisabled: 0
    coinDock:
      coin: {fileID: 0}
      point:
        position: {x: 0, y: 0, z: 0}
        rotation: {x: 0, y: 0, z: 0, w: 0}
      pickable: 0
      docked: 0
    linkedCollision: {fileID: 0}
  secondary:
    points:
    - position: {x: -1.7842615, y: -6.4041e-17, z: 0.3410457}
      rotation: {x: -0, y: 0.3007058, z: -0, w: 0.95371693}
      offset: 0
    - position: {x: -1.2842615, y: -6.4041e-17, z: 1.2070711}
      rotation: {x: -0, y: 0.21643962, z: -0, w: 0.976296}
      offset: 0.99999994
    - position: {x: -0.86164314, y: -6.4041e-17, z: 2.113379}
      rotation: {x: -0, y: 0.1736482, z: -0, w: 0.9848078}
      offset: 2
    - position: {x: -0.519623, y: -6.4041e-17, z: 3.0530715}
      rotation: {x: -0, y: 0.13052619, z: -0, w: 0.9914449}
      offset: 3
    - position: {x: -0.2608039, y: -6.4041e-17, z: 4.018997}
      rotation: {x: -0, y: 0.087155744, z: -0, w: 0.9961947}
      offset: 4
    - position: {x: -0.08715574, y: -6.4041e-17, z: 5.003805}
      rotation: {x: -0, y: 0.043619387, z: -0, w: 0.99904823}
      offset: 5
    - position: {x: -1.6875546e-20, y: -7.4714506e-17, z: 6}
      rotation: {x: -0, y: -0, z: -0, w: 1}
      offset: 6
    length: 6
    flipType: 0
    mainTransform: {fileID: 1702956268765013455}
    flipTransform: {fileID: 1702956268765013455}
    hornDisabled: 0
    coinDock:
      coin: {fileID: 0}
      point:
        position: {x: 0, y: 0, z: 0}
        rotation: {x: 0, y: 0, z: 0, w: 0}
      pickable: 0
      docked: 0
    linkedCollision: {fileID: 0}
