%YAML 1.1
%TAG !u! tag:unity3d.com,2011:
--- !u!1001 &9020862984286533559
PrefabInstance:
  m_ObjectHideFlags: 0
  serializedVersion: 2
  m_Modification:
    serializedVersion: 3
    m_TransformParent: {fileID: 0}
    m_Modifications:
    - target: {fileID: -4216859302048453862, guid: 094650b94290beb4fb47ba5c9837e39b, type: 3}
      propertyPath: m_LocalPosition.x
      value: 0
      objectReference: {fileID: 0}
    - target: {fileID: -4216859302048453862, guid: 094650b94290beb4fb47ba5c9837e39b, type: 3}
      propertyPath: m_LocalPosition.y
      value: 0
      objectReference: {fileID: 0}
    - target: {fileID: -4216859302048453862, guid: 094650b94290beb4fb47ba5c9837e39b, type: 3}
      propertyPath: m_LocalPosition.z
      value: 0
      objectReference: {fileID: 0}
    - target: {fileID: -4216859302048453862, guid: 094650b94290beb4fb47ba5c9837e39b, type: 3}
      propertyPath: m_LocalRotation.w
      value: 1
      objectReference: {fileID: 0}
    - target: {fileID: -4216859302048453862, guid: 094650b94290beb4fb47ba5c9837e39b, type: 3}
      propertyPath: m_LocalRotation.x
      value: 0
      objectReference: {fileID: 0}
    - target: {fileID: -4216859302048453862, guid: 094650b94290beb4fb47ba5c9837e39b, type: 3}
      propertyPath: m_LocalRotation.y
      value: 0
      objectReference: {fileID: 0}
    - target: {fileID: -4216859302048453862, guid: 094650b94290beb4fb47ba5c9837e39b, type: 3}
      propertyPath: m_LocalRotation.z
      value: 0
      objectReference: {fileID: 0}
    - target: {fileID: -4216859302048453862, guid: 094650b94290beb4fb47ba5c9837e39b, type: 3}
      propertyPath: m_LocalEulerAnglesHint.x
      value: 0
      objectReference: {fileID: 0}
    - target: {fileID: -4216859302048453862, guid: 094650b94290beb4fb47ba5c9837e39b, type: 3}
      propertyPath: m_LocalEulerAnglesHint.y
      value: 0
      objectReference: {fileID: 0}
    - target: {fileID: -4216859302048453862, guid: 094650b94290beb4fb47ba5c9837e39b, type: 3}
      propertyPath: m_LocalEulerAnglesHint.z
      value: 0
      objectReference: {fileID: 0}
    - target: {fileID: -927199367670048503, guid: 094650b94290beb4fb47ba5c9837e39b, type: 3}
      propertyPath: m_Name
      value: Eva
      objectReference: {fileID: 0}
    m_RemovedComponents: []
    m_RemovedGameObjects: []
    m_AddedGameObjects: []
    m_AddedComponents:
    - targetCorrespondingSourceObject: {fileID: -927199367670048503, guid: 094650b94290beb4fb47ba5c9837e39b, type: 3}
      insertIndex: -1
      addedObject: {fileID: 3882639601164887372}
    - targetCorrespondingSourceObject: {fileID: -927199367670048503, guid: 094650b94290beb4fb47ba5c9837e39b, type: 3}
      insertIndex: -1
      addedObject: {fileID: 7698433234094929585}
    - targetCorrespondingSourceObject: {fileID: -927199367670048503, guid: 094650b94290beb4fb47ba5c9837e39b, type: 3}
      insertIndex: -1
      addedObject: {fileID: 8872566670170132612}
  m_SourcePrefab: {fileID: 100100000, guid: 094650b94290beb4fb47ba5c9837e39b, type: 3}
--- !u!1 &1013703544002391742 stripped
GameObject:
  m_CorrespondingSourceObject: {fileID: -927199367670048503, guid: 094650b94290beb4fb47ba5c9837e39b, type: 3}
  m_PrefabInstance: {fileID: 9020862984286533559}
  m_PrefabAsset: {fileID: 0}
--- !u!114 &3882639601164887372
MonoBehaviour:
  m_ObjectHideFlags: 0
  m_CorrespondingSourceObject: {fileID: 0}
  m_PrefabInstance: {fileID: 0}
  m_PrefabAsset: {fileID: 0}
  m_GameObject: {fileID: 1013703544002391742}
  m_Enabled: 1
  m_EditorHideFlags: 0
  m_Script: {fileID: 11500000, guid: b075da0d4ad1c8945a756c862831015c, type: 3}
  m_Name: 
  m_EditorClassIdentifier: 
  animator: {fileID: 7698433234094929585}
  head: {fileID: 6245029881349119236}
--- !u!95 &7698433234094929585
Animator:
  serializedVersion: 5
  m_ObjectHideFlags: 0
  m_CorrespondingSourceObject: {fileID: 0}
  m_PrefabInstance: {fileID: 0}
  m_PrefabAsset: {fileID: 0}
  m_GameObject: {fileID: 1013703544002391742}
  m_Enabled: 1
  m_Avatar: {fileID: 9000000, guid: 5f78e70cc68ca284f8b5b6dd75961496, type: 3}
  m_Controller: {fileID: 9100000, guid: 024da97f39b680242996d0ebbc224bb0, type: 2}
  m_CullingMode: 2
  m_UpdateMode: 0
  m_ApplyRootMotion: 0
  m_LinearVelocityBlending: 0
  m_StabilizeFeet: 0
  m_WarningMessage: 
  m_HasTransformHierarchy: 1
  m_AllowConstantClipSamplingOptimization: 1
  m_KeepAnimatorStateOnDisable: 0
  m_WriteDefaultValuesOnDisable: 0
--- !u!114 &8872566670170132612
MonoBehaviour:
  m_ObjectHideFlags: 0
  m_CorrespondingSourceObject: {fileID: 0}
  m_PrefabInstance: {fileID: 0}
  m_PrefabAsset: {fileID: 0}
  m_GameObject: {fileID: 1013703544002391742}
  m_Enabled: 1
  m_EditorHideFlags: 0
  m_Script: {fileID: 11500000, guid: 2429844d570b57a4098ced5c8b2d76a1, type: 3}
  m_Name: 
  m_EditorClassIdentifier: 
  characterGraphics: {fileID: 3882639601164887372}
  dress: {fileID: 7601453597054863064}
  body: {fileID: 3072321491439018851}
  colorVariations:
  - name: Tan
    weight: 10
    colors:
    - {r: 0.69390565, g: 0.7190717, b: 0.735849, a: 1}
    - {r: 0.4433962, g: 0.3166115, b: 0.2237896, a: 1}
    - {r: 0.532, g: 0.41885975, b: 0.33460635, a: 1}
    - {r: 0.8679245, g: 0.6831104, b: 0.5444998, a: 1}
    - {r: 0.157, g: 0.157, b: 0.157, a: 1}
    - {r: 0.284, g: 0.22360182, b: 0.17862445, a: 1}
    - {r: 1, g: 0.7873303, b: 0.6289593, a: 1}
    hat:
    - {r: 0.8666667, g: 0.68235296, b: 0.54509807, a: 1}
    - {r: 0.15686275, g: 0.15686275, b: 0.15686275, a: 1}
  - name: Grey
    weight: 10
    colors:
    - {r: 0.69390565, g: 0.7190717, b: 0.735849, a: 1}
    - {r: 0.14225474, g: 0.14425665, b: 0.16037738, a: 1}
    - {r: 0.14117648, g: 0.14509805, b: 0.16078432, a: 1}
    - {r: 0.33629268, g: 0.34563413, b: 0.383, a: 1}
    - {r: 0.157, g: 0.157, b: 0.157, a: 1}
    - {r: 0.284, g: 0.22360182, b: 0.17862445, a: 1}
    - {r: 1, g: 0.7873303, b: 0.6289593, a: 1}
    hat:
    - {r: 0.69411767, g: 0.7176471, b: 0.7372549, a: 1}
    - {r: 0.14117648, g: 0.14509805, b: 0.16078432, a: 1}
  - name: Grey2
    weight: 10
    colors:
    - {r: 1, g: 0.8646288, b: 0.44541484, a: 1}
    - {r: 0.14225474, g: 0.14425665, b: 0.16037738, a: 1}
    - {r: 0.14117648, g: 0.14509805, b: 0.16078432, a: 1}
    - {r: 0.33014634, g: 0.33931705, b: 0.376, a: 1}
    - {r: 0.157, g: 0.157, b: 0.157, a: 1}
    - {r: 0.284, g: 0.22360182, b: 0.17862445, a: 1}
    - {r: 1, g: 0.8705883, b: 0.47450984, a: 1}
    hat:
    - {r: 1, g: 0.8627451, b: 0.44705883, a: 1}
    - {r: 0.15686275, g: 0.15686275, b: 0.15686275, a: 1}
  - name: Yellow
    weight: 10
    colors:
    - {r: 0.8867924, g: 0.8867924, b: 0.8867924, a: 1}
    - {r: 0.8490566, g: 0.6426193, b: 0, a: 1}
    - {r: 0.964, g: 0.72855306, b: 0, a: 1}
    - {r: 0.766, g: 0.5789125, b: 0, a: 1}
    - {r: 0.157, g: 0.157, b: 0.157, a: 1}
    - {r: 0.28235295, g: 0.28235295, b: 0.28235295, a: 1}
    - {r: 1, g: 0.8705883, b: 0.47450984, a: 1}
    hat:
    - {r: 0.9647059, g: 0.7294118, b: 0, a: 1}
    - {r: 0.15686275, g: 0.15686275, b: 0.15686275, a: 1}
  - name: Blue
    weight: 10
    colors:
    - {r: 0.8867924, g: 0.8867924, b: 0.8867924, a: 1}
    - {r: 0.17101538, g: 0.24736162, b: 0.397, a: 1}
    - {r: 0.21960786, g: 0.31764707, b: 0.50980395, a: 1}
    - {r: 0.34158066, g: 0.46840528, b: 0.7169812, a: 1}
    - {r: 0.157, g: 0.157, b: 0.157, a: 1}
    - {r: 0.28235295, g: 0.28235295, b: 0.28235295, a: 1}
    - {r: 1, g: 0.8705883, b: 0.47450984, a: 1}
    hat:
    - {r: 0.17254902, g: 0.24705882, b: 0.39607844, a: 1}
    - {r: 0.8862745, g: 0.8862745, b: 0.8862745, a: 1}
  - name: Rose
    weight: 10
    colors:
    - {r: 0.8867924, g: 0.8867924, b: 0.8867924, a: 1}
    - {r: 0.809, g: 0.46474472, b: 0.44753194, a: 1}
    - {r: 1, g: 0.57446814, b: 0.55319154, a: 1}
    - {r: 0.8078432, g: 0.4666667, b: 0.44705886, a: 1}
    - {r: 0.157, g: 0.157, b: 0.157, a: 1}
    - {r: 0.28235295, g: 0.28235295, b: 0.28235295, a: 1}
    - {r: 1, g: 0.8705883, b: 0.47450984, a: 1}
    hat:
    - {r: 1, g: 0.57254905, b: 0.5529412, a: 1}
    - {r: 0.8862745, g: 0.8862745, b: 0.8862745, a: 1}
  - name: LightGreen
    weight: 10
    colors:
    - {r: 0.8867924, g: 0.8867924, b: 0.8867924, a: 1}
    - {r: 0.19757144, g: 0.461, b: 0.3292857, a: 1}
    - {r: 0.2974576, g: 0.70199996, b: 0.4997288, a: 1}
    - {r: 0.19607845, g: 0.46274513, b: 0.32941177, a: 1}
    - {r: 0.157, g: 0.157, b: 0.157, a: 1}
    - {r: 0.28235295, g: 0.28235295, b: 0.28235295, a: 1}
    - {r: 1, g: 0.8705883, b: 0.47450984, a: 1}
    hat:
    - {r: 0.19607843, g: 0.4627451, b: 0.32941177, a: 1}
    - {r: 0.8862745, g: 0.8862745, b: 0.8862745, a: 1}
  - name: Browny
    weight: 10
    colors:
    - {r: 0.504, g: 0.504, b: 0.504, a: 1}
    - {r: 0.511, g: 0.3355987, b: 0.2000613, a: 1}
    - {r: 0.684, g: 0.4903009, b: 0.34502655, a: 1}
    - {r: 0.4433962, g: 0.3166115, b: 0.2237896, a: 1}
    - {r: 0.157, g: 0.157, b: 0.157, a: 1}
    - {r: 0.28235295, g: 0.28235295, b: 0.28235295, a: 1}
    - {r: 1, g: 0.8705883, b: 0.47450984, a: 1}
    hat:
    - {r: 0.50980395, g: 0.3372549, b: 0.2, a: 1}
    - {r: 0.15686275, g: 0.15686275, b: 0.15686275, a: 1}
  - name: DarkRed
    weight: 10
    colors:
    - {r: 0.8018868, g: 0.8018868, b: 0.8018868, a: 1}
    - {r: 0.38679248, g: 0.12834327, b: 0.08575116, a: 1}
    - {r: 0.645, g: 0.21499999, b: 0.14333332, a: 1}
    - {r: 0.38823533, g: 0.12941177, b: 0.08627451, a: 1}
    - {r: 0.157, g: 0.157, b: 0.157, a: 1}
    - {r: 0.28235295, g: 0.28235295, b: 0.28235295, a: 1}
    - {r: 1, g: 0.8705883, b: 0.47450984, a: 1}
    hat:
    - {r: 0.6431373, g: 0.21568628, b: 0.14509805, a: 1}
    - {r: 0.88699996, g: 0.88699996, b: 0.88699996, a: 1}
  - name: GrueneHexe
    weight: 10
    colors:
    - {r: 0.8018868, g: 0.8018868, b: 0.8018868, a: 1}
    - {r: 0.29907817, g: 0.504, b: 0, a: 1}
    - {r: 0.2551008, g: 0.433, b: 0, a: 1}
    - {r: 0.41770545, g: 0.709, b: 0, a: 1}
    - {r: 0.157, g: 0.157, b: 0.157, a: 1}
    - {r: 0.28235295, g: 0.28235295, b: 0.28235295, a: 1}
    - {r: 1, g: 0.8705883, b: 0.47450984, a: 1}
    hat:
    - {r: 0.25490198, g: 0.43137255, b: 0, a: 1}
    - {r: 0.95, g: 0.95, b: 0.95, a: 1}
  skinnedHairs:
  - {fileID: 9077241968388754815}
  - {fileID: 4673047275953338994}
--- !u!137 &3072321491439018851 stripped
SkinnedMeshRenderer:
  m_CorrespondingSourceObject: {fileID: 6310562362484790484, guid: 094650b94290beb4fb47ba5c9837e39b, type: 3}
  m_PrefabInstance: {fileID: 9020862984286533559}
  m_PrefabAsset: {fileID: 0}
--- !u!137 &4673047275953338994 stripped
SkinnedMeshRenderer:
  m_CorrespondingSourceObject: {fileID: -4762146849353085499, guid: 094650b94290beb4fb47ba5c9837e39b, type: 3}
  m_PrefabInstance: {fileID: 9020862984286533559}
  m_PrefabAsset: {fileID: 0}
--- !u!4 &6245029881349119236 stripped
Transform:
  m_CorrespondingSourceObject: {fileID: -6081470830831867213, guid: 094650b94290beb4fb47ba5c9837e39b, type: 3}
  m_PrefabInstance: {fileID: 9020862984286533559}
  m_PrefabAsset: {fileID: 0}
--- !u!137 &7601453597054863064 stripped
SkinnedMeshRenderer:
  m_CorrespondingSourceObject: {fileID: -7760473107729714833, guid: 094650b94290beb4fb47ba5c9837e39b, type: 3}
  m_PrefabInstance: {fileID: 9020862984286533559}
  m_PrefabAsset: {fileID: 0}
--- !u!137 &9077241968388754815 stripped
SkinnedMeshRenderer:
  m_CorrespondingSourceObject: {fileID: 56396618224253640, guid: 094650b94290beb4fb47ba5c9837e39b, type: 3}
  m_PrefabInstance: {fileID: 9020862984286533559}
  m_PrefabAsset: {fileID: 0}
