%YAML 1.1
%TAG !u! tag:unity3d.com,2011:
--- !u!1001 &1191081575567885236
PrefabInstance:
  m_ObjectHideFlags: 0
  serializedVersion: 2
  m_Modification:
    serializedVersion: 3
    m_TransformParent: {fileID: 0}
    m_Modifications:
    - target: {fileID: -4216859302048453862, guid: 3dea88f8d13ce2b4d81cf0e6c114ab6d, type: 3}
      propertyPath: m_LocalPosition.x
      value: 0
      objectReference: {fileID: 0}
    - target: {fileID: -4216859302048453862, guid: 3dea88f8d13ce2b4d81cf0e6c114ab6d, type: 3}
      propertyPath: m_LocalPosition.y
      value: 0
      objectReference: {fileID: 0}
    - target: {fileID: -4216859302048453862, guid: 3dea88f8d13ce2b4d81cf0e6c114ab6d, type: 3}
      propertyPath: m_LocalPosition.z
      value: 0
      objectReference: {fileID: 0}
    - target: {fileID: -4216859302048453862, guid: 3dea88f8d13ce2b4d81cf0e6c114ab6d, type: 3}
      propertyPath: m_LocalRotation.w
      value: 1
      objectReference: {fileID: 0}
    - target: {fileID: -4216859302048453862, guid: 3dea88f8d13ce2b4d81cf0e6c114ab6d, type: 3}
      propertyPath: m_LocalRotation.x
      value: 0
      objectReference: {fileID: 0}
    - target: {fileID: -4216859302048453862, guid: 3dea88f8d13ce2b4d81cf0e6c114ab6d, type: 3}
      propertyPath: m_LocalRotation.y
      value: 0
      objectReference: {fileID: 0}
    - target: {fileID: -4216859302048453862, guid: 3dea88f8d13ce2b4d81cf0e6c114ab6d, type: 3}
      propertyPath: m_LocalRotation.z
      value: 0
      objectReference: {fileID: 0}
    - target: {fileID: -4216859302048453862, guid: 3dea88f8d13ce2b4d81cf0e6c114ab6d, type: 3}
      propertyPath: m_LocalEulerAnglesHint.x
      value: 0
      objectReference: {fileID: 0}
    - target: {fileID: -4216859302048453862, guid: 3dea88f8d13ce2b4d81cf0e6c114ab6d, type: 3}
      propertyPath: m_LocalEulerAnglesHint.y
      value: 0
      objectReference: {fileID: 0}
    - target: {fileID: -4216859302048453862, guid: 3dea88f8d13ce2b4d81cf0e6c114ab6d, type: 3}
      propertyPath: m_LocalEulerAnglesHint.z
      value: 0
      objectReference: {fileID: 0}
    - target: {fileID: -927199367670048503, guid: 3dea88f8d13ce2b4d81cf0e6c114ab6d, type: 3}
      propertyPath: m_Name
      value: Irma
      objectReference: {fileID: 0}
    m_RemovedComponents: []
    m_RemovedGameObjects: []
    m_AddedGameObjects: []
    m_AddedComponents:
    - targetCorrespondingSourceObject: {fileID: -927199367670048503, guid: 3dea88f8d13ce2b4d81cf0e6c114ab6d, type: 3}
      insertIndex: -1
      addedObject: {fileID: -6012280853397220220}
    - targetCorrespondingSourceObject: {fileID: -927199367670048503, guid: 3dea88f8d13ce2b4d81cf0e6c114ab6d, type: 3}
      insertIndex: -1
      addedObject: {fileID: 5222105874366925074}
    - targetCorrespondingSourceObject: {fileID: -927199367670048503, guid: 3dea88f8d13ce2b4d81cf0e6c114ab6d, type: 3}
      insertIndex: -1
      addedObject: {fileID: 3921772472189385738}
  m_SourcePrefab: {fileID: 100100000, guid: 3dea88f8d13ce2b4d81cf0e6c114ab6d, type: 3}
--- !u!137 &1175384583164049788 stripped
SkinnedMeshRenderer:
  m_CorrespondingSourceObject: {fileID: 56396618224253640, guid: 3dea88f8d13ce2b4d81cf0e6c114ab6d, type: 3}
  m_PrefabInstance: {fileID: 1191081575567885236}
  m_PrefabAsset: {fileID: 0}
--- !u!137 &3273807734506311281 stripped
SkinnedMeshRenderer:
  m_CorrespondingSourceObject: {fileID: -4762146849353085499, guid: 3dea88f8d13ce2b4d81cf0e6c114ab6d, type: 3}
  m_PrefabInstance: {fileID: 1191081575567885236}
  m_PrefabAsset: {fileID: 0}
--- !u!4 &4259794889595775239 stripped
Transform:
  m_CorrespondingSourceObject: {fileID: -6081470830831867213, guid: 3dea88f8d13ce2b4d81cf0e6c114ab6d, type: 3}
  m_PrefabInstance: {fileID: 1191081575567885236}
  m_PrefabAsset: {fileID: 0}
--- !u!137 &6045155925533566123 stripped
SkinnedMeshRenderer:
  m_CorrespondingSourceObject: {fileID: 4855767879267264287, guid: 3dea88f8d13ce2b4d81cf0e6c114ab6d, type: 3}
  m_PrefabInstance: {fileID: 1191081575567885236}
  m_PrefabAsset: {fileID: 0}
--- !u!1 &7180566807318878909 stripped
GameObject:
  m_CorrespondingSourceObject: {fileID: -927199367670048503, guid: 3dea88f8d13ce2b4d81cf0e6c114ab6d, type: 3}
  m_PrefabInstance: {fileID: 1191081575567885236}
  m_PrefabAsset: {fileID: 0}
--- !u!114 &-6012280853397220220
MonoBehaviour:
  m_ObjectHideFlags: 0
  m_CorrespondingSourceObject: {fileID: 0}
  m_PrefabInstance: {fileID: 0}
  m_PrefabAsset: {fileID: 0}
  m_GameObject: {fileID: 7180566807318878909}
  m_Enabled: 1
  m_EditorHideFlags: 0
  m_Script: {fileID: 11500000, guid: b075da0d4ad1c8945a756c862831015c, type: 3}
  m_Name: 
  m_EditorClassIdentifier: 
  animator: {fileID: 5222105874366925074}
  head: {fileID: 4259794889595775239}
--- !u!95 &5222105874366925074
Animator:
  serializedVersion: 5
  m_ObjectHideFlags: 0
  m_CorrespondingSourceObject: {fileID: 0}
  m_PrefabInstance: {fileID: 0}
  m_PrefabAsset: {fileID: 0}
  m_GameObject: {fileID: 7180566807318878909}
  m_Enabled: 1
  m_Avatar: {fileID: 9000000, guid: 5f78e70cc68ca284f8b5b6dd75961496, type: 3}
  m_Controller: {fileID: 9100000, guid: 024da97f39b680242996d0ebbc224bb0, type: 2}
  m_CullingMode: 2
  m_UpdateMode: 0
  m_ApplyRootMotion: 0
  m_LinearVelocityBlending: 0
  m_StabilizeFeet: 0
  m_WarningMessage: 
  m_HasTransformHierarchy: 1
  m_AllowConstantClipSamplingOptimization: 1
  m_KeepAnimatorStateOnDisable: 0
  m_WriteDefaultValuesOnDisable: 0
--- !u!114 &3921772472189385738
MonoBehaviour:
  m_ObjectHideFlags: 0
  m_CorrespondingSourceObject: {fileID: 0}
  m_PrefabInstance: {fileID: 0}
  m_PrefabAsset: {fileID: 0}
  m_GameObject: {fileID: 7180566807318878909}
  m_Enabled: 1
  m_EditorHideFlags: 0
  m_Script: {fileID: 11500000, guid: 2429844d570b57a4098ced5c8b2d76a1, type: 3}
  m_Name: 
  m_EditorClassIdentifier: 
  characterGraphics: {fileID: -6012280853397220220}
  dress: {fileID: 8278219541048374974}
  body: {fileID: 6045155925533566123}
  colorVariations:
  - name: Tan
    weight: 10
    colors:
    - {r: 0.69390565, g: 0.7190717, b: 0.735849, a: 1}
    - {r: 0.4433962, g: 0.3166115, b: 0.2237896, a: 1}
    - {r: 0.532, g: 0.41885975, b: 0.33460635, a: 1}
    - {r: 0.8679245, g: 0.6831104, b: 0.5444998, a: 1}
    - {r: 0.157, g: 0.157, b: 0.157, a: 1}
    - {r: 0.284, g: 0.22360182, b: 0.17862445, a: 1}
    - {r: 1, g: 0.7873303, b: 0.6289593, a: 1}
    hat:
    - {r: 0.8666667, g: 0.68235296, b: 0.54509807, a: 1}
    - {r: 0.15686275, g: 0.15686275, b: 0.15686275, a: 1}
  - name: Blue
    weight: 10
    colors:
    - {r: 0, g: 0.6745098, b: 0.7294118, a: 1}
    - {r: 0, g: 0.6745098, b: 0.7294118, a: 1}
    - {r: 0, g: 0.6729301, b: 0.73, a: 1}
    - {r: 1, g: 0.8705883, b: 0.47450984, a: 1}
    - {r: 0.3490566, g: 0.15638301, b: 0.09055714, a: 1}
    hat:
    - {r: 0, g: 0.6745098, b: 0.7294118, a: 1}
    - {r: 0.84400004, g: 0.84400004, b: 0.84400004, a: 1}
  - name: Blue2
    weight: 10
    colors:
    - {r: 0.05062773, g: 0.15821165, b: 0.289, a: 1}
    - {r: 0.09411766, g: 0.29411766, b: 0.5372549, a: 1}
    - {r: 0.095403, g: 0.29266584, b: 0.53900003, a: 1}
    - {r: 1, g: 0.8705883, b: 0.47450984, a: 1}
    - {r: 0.3490566, g: 0.15638301, b: 0.09055714, a: 1}
    hat:
    - {r: 0.09411765, g: 0.29411766, b: 0.5372549, a: 1}
    - {r: 0.84400004, g: 0.84400004, b: 0.84400004, a: 1}
  - name: Yellow
    weight: 10
    colors:
    - {r: 0.31132078, g: 0.16108166, b: 0.13069598, a: 1}
    - {r: 0.8490566, g: 0.7581388, b: 0.46057317, a: 1}
    - {r: 0.8490566, g: 0.6426193, b: 0, a: 1}
    - {r: 0.8207547, g: 0.7988259, b: 0.73171055, a: 1}
    - {r: 0.1509434, g: 0.109183684, b: 0.09469562, a: 1}
    hat:
    - {r: 0.8509804, g: 0.6431373, b: 0, a: 1}
    - {r: 0.14901961, g: 0.10980392, b: 0.09411765, a: 1}
  - name: Green
    weight: 10
    colors:
    - {r: 0.31132078, g: 0.16108166, b: 0.13069598, a: 1}
    - {r: 0.69552803, g: 0.90800005, b: 0.8017641, a: 1}
    - {r: 0.13074902, g: 0.3019608, b: 0.2142935, a: 1}
    - {r: 0.8207547, g: 0.7988259, b: 0.73171055, a: 1}
    - {r: 0.1509434, g: 0.109183684, b: 0.09469562, a: 1}
    hat:
    - {r: 0.12941177, g: 0.3019608, b: 0.21568628, a: 1}
    - {r: 0.69411767, g: 0.9098039, b: 0.8, a: 1}
  - name: TopBottom
    weight: 10
    colors:
    - {r: 0, g: 0, b: 0, a: 1}
    - {r: 0.9339623, g: 0.9263955, b: 0.8414472, a: 1}
    - {r: 0.20754719, g: 0.20754719, b: 0.20754719, a: 1}
    - {r: 0.8207547, g: 0.7988259, b: 0.73171055, a: 1}
    - {r: 0.1509434, g: 0.109183684, b: 0.09469562, a: 1}
    hat:
    - {r: 0.14901961, g: 0.10980392, b: 0.09411765, a: 1}
    - {r: 0.93333334, g: 0.9254902, b: 0.84313726, a: 1}
  - name: Browny
    weight: 10
    colors:
    - {r: 0, g: 0, b: 0, a: 1}
    - {r: 0.9339623, g: 0.9263955, b: 0.8414472, a: 1}
    - {r: 0.20754719, g: 0.20754719, b: 0.20754719, a: 1}
    - {r: 0.8207547, g: 0.7988259, b: 0.73171055, a: 1}
    - {r: 0.1509434, g: 0.109183684, b: 0.09469562, a: 1}
    hat:
    - {r: 0.14901961, g: 0.10980392, b: 0.09411765, a: 1}
    - {r: 0.93333334, g: 0.9254902, b: 0.84313726, a: 1}
  - name: ViolaBlue
    weight: 10
    colors:
    - {r: 0.25490198, g: 0.1254902, b: 0.07450981, a: 1}
    - {r: 0.745283, g: 0.53786933, b: 0.684273, a: 1}
    - {r: 0.17343199, g: 0.41582394, b: 0.532, a: 1}
    - {r: 0.8509804, g: 0.81710196, b: 0.7122706, a: 1}
    - {r: 0.3301887, g: 0.15997685, b: 0.09189214, a: 1}
    hat:
    - {r: 0.74509805, g: 0.5372549, b: 0.68235296, a: 1}
    - {r: 0.17254902, g: 0.41568628, b: 0.53333336, a: 1}
  - name: YellowNBlack
    weight: 10
    colors:
    - {r: 0.25490198, g: 0.1254902, b: 0.07450981, a: 1}
    - {r: 0.8490566, g: 0.6426193, b: 0, a: 1}
    - {r: 0.14288893, g: 0.16738996, b: 0.1792453, a: 1}
    - {r: 0.8509804, g: 0.81710196, b: 0.7122706, a: 1}
    - {r: 0.3301887, g: 0.15997685, b: 0.09189214, a: 1}
    hat:
    - {r: 0.8509804, g: 0.6431373, b: 0, a: 1}
    - {r: 0.14117648, g: 0.16862746, b: 0.18039216, a: 1}
  - name: RedRose
    weight: 10
    colors:
    - {r: 0.25490198, g: 0.1254902, b: 0.07450981, a: 1}
    - {r: 1, g: 0.702, b: 0.71690005, a: 1}
    - {r: 0.8509804, g: 0.052354548, b: 0, a: 1}
    - {r: 1, g: 0.8705883, b: 0.47450984, a: 1}
    - {r: 0.3301887, g: 0.15997685, b: 0.09189214, a: 1}
    hat:
    - {r: 0.8509804, g: 0.050980393, b: 0, a: 1}
    - {r: 1, g: 0.7019608, b: 0.7176471, a: 1}
  - name: Spring
    weight: 10
    colors:
    - {r: 0.25490198, g: 0.1254902, b: 0.07450981, a: 1}
    - {r: 0.78, g: 1, b: 0.97962356, a: 1}
    - {r: 0, g: 0.688, b: 0.5562872, a: 1}
    - {r: 1, g: 0.93005973, b: 0.71599996, a: 1}
    - {r: 0.23584908, g: 0.12997961, b: 0.085662164, a: 1}
    hat:
    - {r: 0, g: 0.6862745, b: 0.5568628, a: 1}
    - {r: 0.78039217, g: 1, b: 0.98039216, a: 1}
  - name: RedDame
    weight: 10
    colors:
    - {r: 0.3679245, g: 0, b: 0.003095114, a: 1}
    - {r: 0.759, g: 0.08316664, b: 0.032637034, a: 1}
    - {r: 0.4528302, g: 0.031252146, b: 0, a: 1}
    - {r: 0.735849, g: 0.735849, b: 0.735849, a: 1}
    - {r: 0.20754719, g: 0.12942329, b: 0.10475259, a: 1}
    hat:
    - {r: 0.4509804, g: 0.03137255, b: 0, a: 1}
    - {r: 0.7372549, g: 0.7372549, b: 0.7372549, a: 1}
  skinnedHairs:
  - {fileID: 1175384583164049788}
  - {fileID: 3273807734506311281}
--- !u!137 &8278219541048374974 stripped
SkinnedMeshRenderer:
  m_CorrespondingSourceObject: {fileID: -2133097973157055222, guid: 3dea88f8d13ce2b4d81cf0e6c114ab6d, type: 3}
  m_PrefabInstance: {fileID: 1191081575567885236}
  m_PrefabAsset: {fileID: 0}
